%YAML 1.1
%TAG !u! tag:unity3d.com,2011:
--- !u!29 &1
OcclusionCullingSettings:
  m_ObjectHideFlags: 0
  serializedVersion: 2
  m_OcclusionBakeSettings:
    smallestOccluder: 5
    smallestHole: 0.25
    backfaceThreshold: 100
  m_SceneGUID: 00000000000000000000000000000000
  m_OcclusionCullingData: {fileID: 0}
--- !u!104 &2
RenderSettings:
  m_ObjectHideFlags: 0
  serializedVersion: 9
  m_Fog: 0
  m_FogColor: {r: 0.5, g: 0.5, b: 0.5, a: 1}
  m_FogMode: 2
  m_FogDensity: 0.21
  m_LinearFogStart: 0
  m_LinearFogEnd: 300
  m_AmbientSkyColor: {r: 0.212, g: 0.227, b: 0.259, a: 1}
  m_AmbientEquatorColor: {r: 0.114, g: 0.125, b: 0.133, a: 1}
  m_AmbientGroundColor: {r: 0.047, g: 0.043, b: 0.035, a: 1}
  m_AmbientIntensity: 1
  m_AmbientMode: 0
  m_SubtractiveShadowColor: {r: 0.42, g: 0.478, b: 0.627, a: 1}
  m_SkyboxMaterial: {fileID: 10304, guid: 0000000000000000f000000000000000, type: 0}
  m_HaloStrength: 0.47
  m_FlareStrength: 1
  m_FlareFadeSpeed: 3
  m_HaloTexture: {fileID: 0}
  m_SpotCookie: {fileID: 10001, guid: 0000000000000000e000000000000000, type: 0}
  m_DefaultReflectionMode: 0
  m_DefaultReflectionResolution: 128
  m_ReflectionBounces: 1
  m_ReflectionIntensity: 1
  m_CustomReflection: {fileID: 0}
  m_Sun: {fileID: 0}
  m_IndirectSpecularColor: {r: 0.12731749, g: 0.13414757, b: 0.1210787, a: 1}
  m_UseRadianceAmbientProbe: 0
--- !u!157 &3
LightmapSettings:
  m_ObjectHideFlags: 0
  serializedVersion: 12
  m_GIWorkflowMode: 1
  m_GISettings:
    serializedVersion: 2
    m_BounceScale: 1
    m_IndirectOutputScale: 1
    m_AlbedoBoost: 1
    m_EnvironmentLightingMode: 0
    m_EnableBakedLightmaps: 1
    m_EnableRealtimeLightmaps: 0
  m_LightmapEditorSettings:
    serializedVersion: 12
    m_Resolution: 2
    m_BakeResolution: 40
    m_AtlasSize: 1024
    m_AO: 0
    m_AOMaxDistance: 1
    m_CompAOExponent: 1
    m_CompAOExponentDirect: 0
    m_ExtractAmbientOcclusion: 0
    m_Padding: 2
    m_LightmapParameters: {fileID: 0}
    m_LightmapsBakeMode: 1
    m_TextureCompression: 1
    m_FinalGather: 0
    m_FinalGatherFiltering: 1
    m_FinalGatherRayCount: 256
    m_ReflectionCompression: 2
    m_MixedBakeMode: 2
    m_BakeBackend: 1
    m_PVRSampling: 1
    m_PVRDirectSampleCount: 32
    m_PVRSampleCount: 512
    m_PVRBounces: 2
    m_PVREnvironmentSampleCount: 256
    m_PVREnvironmentReferencePointCount: 2048
    m_PVRFilteringMode: 1
    m_PVRDenoiserTypeDirect: 1
    m_PVRDenoiserTypeIndirect: 1
    m_PVRDenoiserTypeAO: 1
    m_PVRFilterTypeDirect: 0
    m_PVRFilterTypeIndirect: 0
    m_PVRFilterTypeAO: 0
    m_PVREnvironmentMIS: 1
    m_PVRCulling: 1
    m_PVRFilteringGaussRadiusDirect: 1
    m_PVRFilteringGaussRadiusIndirect: 5
    m_PVRFilteringGaussRadiusAO: 2
    m_PVRFilteringAtrousPositionSigmaDirect: 0.5
    m_PVRFilteringAtrousPositionSigmaIndirect: 2
    m_PVRFilteringAtrousPositionSigmaAO: 1
    m_ExportTrainingData: 0
    m_TrainingDataDestination: TrainingData
    m_LightProbeSampleCountMultiplier: 4
  m_LightingDataAsset: {fileID: 112000000, guid: 15e05d0356ab0b44691b2022e044c1d1,
    type: 2}
  m_LightingSettings: {fileID: 4890085278179872738, guid: abbcca7c74e979047a7031c4555b30c6,
    type: 2}
--- !u!196 &4
NavMeshSettings:
  serializedVersion: 2
  m_ObjectHideFlags: 0
  m_BuildSettings:
    serializedVersion: 2
    agentTypeID: 0
    agentRadius: 0.5
    agentHeight: 2
    agentSlope: 45
    agentClimb: 0.4
    ledgeDropHeight: 0
    maxJumpAcrossDistance: 0
    minRegionArea: 2
    manualCellSize: 0
    cellSize: 0.16666667
    manualTileSize: 0
    tileSize: 256
    accuratePlacement: 0
    maxJobWorkers: 0
    preserveTilesOutsideBounds: 0
    debug:
      m_Flags: 0
  m_NavMeshData: {fileID: 0}
--- !u!1 &7509051
GameObject:
  m_ObjectHideFlags: 0
  m_CorrespondingSourceObject: {fileID: 0}
  m_PrefabInstance: {fileID: 0}
  m_PrefabAsset: {fileID: 0}
  serializedVersion: 6
  m_Component:
  - component: {fileID: 7509052}
  - component: {fileID: 7509053}
  m_Layer: 0
  m_Name: Monkey Cheering
  m_TagString: Untagged
  m_Icon: {fileID: 0}
  m_NavMeshLayer: 0
  m_StaticEditorFlags: 0
  m_IsActive: 1
--- !u!4 &7509052
Transform:
  m_ObjectHideFlags: 0
  m_CorrespondingSourceObject: {fileID: 0}
  m_PrefabInstance: {fileID: 0}
  m_PrefabAsset: {fileID: 0}
  m_GameObject: {fileID: 7509051}
  m_LocalRotation: {x: 0, y: 0, z: 0, w: 1}
  m_LocalPosition: {x: 0, y: 0, z: 0}
  m_LocalScale: {x: 1, y: 1, z: 1}
  m_ConstrainProportionsScale: 0
  m_Children: []
  m_Father: {fileID: 1216592062}
  m_RootOrder: -1
  m_LocalEulerAnglesHint: {x: 0, y: 0, z: 0}
--- !u!82 &7509053
AudioSource:
  m_ObjectHideFlags: 0
  m_CorrespondingSourceObject: {fileID: 0}
  m_PrefabInstance: {fileID: 0}
  m_PrefabAsset: {fileID: 0}
  m_GameObject: {fileID: 7509051}
  m_Enabled: 1
  serializedVersion: 4
  OutputAudioMixerGroup: {fileID: 0}
  m_audioClip: {fileID: 8300000, guid: 77ae4b5ceaf7b084e966671a7e8f8539, type: 3}
  m_PlayOnAwake: 1
  m_Volume: 1
  m_Pitch: 1
  Loop: 0
  Mute: 0
  Spatialize: 0
  SpatializePostEffects: 0
  Priority: 128
  DopplerLevel: 1
  MinDistance: 1
  MaxDistance: 500
  Pan2D: 0
  rolloffMode: 0
  BypassEffects: 0
  BypassListenerEffects: 0
  BypassReverbZones: 0
  rolloffCustomCurve:
    serializedVersion: 2
    m_Curve:
    - serializedVersion: 3
      time: 0
      value: 1
      inSlope: 0
      outSlope: 0
      tangentMode: 0
      weightedMode: 0
      inWeight: 0.33333334
      outWeight: 0.33333334
    - serializedVersion: 3
      time: 1
      value: 0
      inSlope: 0
      outSlope: 0
      tangentMode: 0
      weightedMode: 0
      inWeight: 0.33333334
      outWeight: 0.33333334
    m_PreInfinity: 2
    m_PostInfinity: 2
    m_RotationOrder: 4
  panLevelCustomCurve:
    serializedVersion: 2
    m_Curve:
    - serializedVersion: 3
      time: 0
      value: 0
      inSlope: 0
      outSlope: 0
      tangentMode: 0
      weightedMode: 0
      inWeight: 0.33333334
      outWeight: 0.33333334
    m_PreInfinity: 2
    m_PostInfinity: 2
    m_RotationOrder: 4
  spreadCustomCurve:
    serializedVersion: 2
    m_Curve:
    - serializedVersion: 3
      time: 0
      value: 0
      inSlope: 0
      outSlope: 0
      tangentMode: 0
      weightedMode: 0
      inWeight: 0.33333334
      outWeight: 0.33333334
    m_PreInfinity: 2
    m_PostInfinity: 2
    m_RotationOrder: 4
  reverbZoneMixCustomCurve:
    serializedVersion: 2
    m_Curve:
    - serializedVersion: 3
      time: 0
      value: 1
      inSlope: 0
      outSlope: 0
      tangentMode: 0
      weightedMode: 0
      inWeight: 0.33333334
      outWeight: 0.33333334
    m_PreInfinity: 2
    m_PostInfinity: 2
    m_RotationOrder: 4
--- !u!1 &73588976
GameObject:
  m_ObjectHideFlags: 0
  m_CorrespondingSourceObject: {fileID: 0}
  m_PrefabInstance: {fileID: 0}
  m_PrefabAsset: {fileID: 0}
  serializedVersion: 6
  m_Component:
  - component: {fileID: 73588978}
  - component: {fileID: 73588977}
  - component: {fileID: 73588979}
  m_Layer: 7
  m_Name: LookAt
  m_TagString: Untagged
  m_Icon: {fileID: 0}
  m_NavMeshLayer: 0
  m_StaticEditorFlags: 0
  m_IsActive: 1
--- !u!135 &73588977
SphereCollider:
  m_ObjectHideFlags: 0
  m_CorrespondingSourceObject: {fileID: 0}
  m_PrefabInstance: {fileID: 0}
  m_PrefabAsset: {fileID: 0}
  m_GameObject: {fileID: 73588976}
  m_Material: {fileID: 0}
  m_IsTrigger: 0
  m_Enabled: 1
  serializedVersion: 2
  m_Radius: 0.5
  m_Center: {x: 0, y: 0, z: 0}
--- !u!4 &73588978
Transform:
  m_ObjectHideFlags: 0
  m_CorrespondingSourceObject: {fileID: 0}
  m_PrefabInstance: {fileID: 0}
  m_PrefabAsset: {fileID: 0}
  m_GameObject: {fileID: 73588976}
  m_LocalRotation: {x: 0, y: 0, z: 0, w: 1}
  m_LocalPosition: {x: 0.3, y: 1.049, z: 0.881}
  m_LocalScale: {x: 1, y: 1, z: 1}
  m_ConstrainProportionsScale: 0
  m_Children: []
  m_Father: {fileID: 0}
  m_RootOrder: 10
  m_LocalEulerAnglesHint: {x: 0, y: 0, z: 0}
--- !u!54 &73588979
Rigidbody:
  m_ObjectHideFlags: 0
  m_CorrespondingSourceObject: {fileID: 0}
  m_PrefabInstance: {fileID: 0}
  m_PrefabAsset: {fileID: 0}
  m_GameObject: {fileID: 73588976}
  serializedVersion: 2
  m_Mass: 1
  m_Drag: 0
  m_AngularDrag: 0.05
  m_UseGravity: 0
  m_IsKinematic: 0
  m_Interpolate: 0
  m_Constraints: 0
  m_CollisionDetection: 0
--- !u!1 &197943690
GameObject:
  m_ObjectHideFlags: 3
  m_CorrespondingSourceObject: {fileID: 0}
  m_PrefabInstance: {fileID: 0}
  m_PrefabAsset: {fileID: 0}
  serializedVersion: 6
  m_Component:
  - component: {fileID: 197943691}
  - component: {fileID: 197943695}
  - component: {fileID: 197943694}
  - component: {fileID: 197943693}
  - component: {fileID: 197943692}
  m_Layer: 0
  m_Name: cm
  m_TagString: Untagged
  m_Icon: {fileID: 0}
  m_NavMeshLayer: 0
  m_StaticEditorFlags: 0
  m_IsActive: 1
--- !u!4 &197943691
Transform:
  m_ObjectHideFlags: 3
  m_CorrespondingSourceObject: {fileID: 0}
  m_PrefabInstance: {fileID: 0}
  m_PrefabAsset: {fileID: 0}
  m_GameObject: {fileID: 197943690}
  m_LocalRotation: {x: 0.19764522, y: -0.66039515, z: 0.18594187, w: -0.70017165}
  m_LocalPosition: {x: -2.5963888, y: -0.9345239, z: 2.3017492}
  m_LocalScale: {x: 1, y: 1, z: 1}
  m_ConstrainProportionsScale: 0
  m_Children: []
  m_Father: {fileID: 951974122}
  m_RootOrder: -1
  m_LocalEulerAnglesHint: {x: 0, y: 0, z: 0}
--- !u!114 &197943692
MonoBehaviour:
  m_ObjectHideFlags: 3
  m_CorrespondingSourceObject: {fileID: 0}
  m_PrefabInstance: {fileID: 0}
  m_PrefabAsset: {fileID: 0}
  m_GameObject: {fileID: 197943690}
  m_Enabled: 1
  m_EditorHideFlags: 0
  m_Script: {fileID: 11500000, guid: 68bb026fafb42b14791938953eaace77, type: 3}
  m_Name: 
  m_EditorClassIdentifier: 
  m_NoiseProfile: {fileID: 11400000, guid: b241f91b9ccf8ff489abf204b30d3112, type: 2}
  m_PivotOffset: {x: 0, y: 0, z: 0}
  m_AmplitudeGain: 1
  m_FrequencyGain: 1
  mNoiseOffsets: {x: -850.1017, y: 163.27084, z: -731.6199}
--- !u!114 &197943693
MonoBehaviour:
  m_ObjectHideFlags: 3
  m_CorrespondingSourceObject: {fileID: 0}
  m_PrefabInstance: {fileID: 0}
  m_PrefabAsset: {fileID: 0}
  m_GameObject: {fileID: 197943690}
  m_Enabled: 1
  m_EditorHideFlags: 0
  m_Script: {fileID: 11500000, guid: fa7155796051b734daa718462081dc5f, type: 3}
  m_Name: 
  m_EditorClassIdentifier: 
  m_BindingMode: 1
  m_FollowOffset: {x: 0, y: 0, z: -10}
  m_XDamping: 1
  m_YDamping: 1
  m_ZDamping: 1
  m_AngularDampingMode: 0
  m_PitchDamping: 0
  m_YawDamping: 0
  m_RollDamping: 0
  m_AngularDamping: 0
--- !u!114 &197943694
MonoBehaviour:
  m_ObjectHideFlags: 3
  m_CorrespondingSourceObject: {fileID: 0}
  m_PrefabInstance: {fileID: 0}
  m_PrefabAsset: {fileID: 0}
  m_GameObject: {fileID: 197943690}
  m_Enabled: 1
  m_EditorHideFlags: 0
  m_Script: {fileID: 11500000, guid: f4044717213e31446939f7bd49c896ea, type: 3}
  m_Name: 
  m_EditorClassIdentifier: 
  m_TrackedObjectOffset: {x: 0, y: 0, z: 0}
  m_LookaheadTime: 0
  m_LookaheadSmoothing: 0
  m_LookaheadIgnoreY: 0
  m_HorizontalDamping: 0.5
  m_VerticalDamping: 0.5
  m_ScreenX: 0.5
  m_ScreenY: 0.5
  m_DeadZoneWidth: 0
  m_DeadZoneHeight: 0
  m_SoftZoneWidth: 0.8
  m_SoftZoneHeight: 0.8
  m_BiasX: 0
  m_BiasY: 0
  m_CenterOnActivate: 1
--- !u!114 &197943695
MonoBehaviour:
  m_ObjectHideFlags: 3
  m_CorrespondingSourceObject: {fileID: 0}
  m_PrefabInstance: {fileID: 0}
  m_PrefabAsset: {fileID: 0}
  m_GameObject: {fileID: 197943690}
  m_Enabled: 1
  m_EditorHideFlags: 0
  m_Script: {fileID: 11500000, guid: ac0b09e7857660247b1477e93731de29, type: 3}
  m_Name: 
  m_EditorClassIdentifier: 
--- !u!1 &236876461
GameObject:
  m_ObjectHideFlags: 0
  m_CorrespondingSourceObject: {fileID: 0}
  m_PrefabInstance: {fileID: 0}
  m_PrefabAsset: {fileID: 0}
  serializedVersion: 6
  m_Component:
  - component: {fileID: 236876464}
  - component: {fileID: 236876463}
  - component: {fileID: 236876462}
  m_Layer: 0
  m_Name: EventSystem
  m_TagString: Untagged
  m_Icon: {fileID: 0}
  m_NavMeshLayer: 0
  m_StaticEditorFlags: 0
  m_IsActive: 1
--- !u!114 &236876462
MonoBehaviour:
  m_ObjectHideFlags: 0
  m_CorrespondingSourceObject: {fileID: 0}
  m_PrefabInstance: {fileID: 0}
  m_PrefabAsset: {fileID: 0}
  m_GameObject: {fileID: 236876461}
  m_Enabled: 1
  m_EditorHideFlags: 0
  m_Script: {fileID: 11500000, guid: 4f231c4fb786f3946a6b90b886c48677, type: 3}
  m_Name: 
  m_EditorClassIdentifier: 
  m_HorizontalAxis: Horizontal
  m_VerticalAxis: Vertical
  m_SubmitButton: Submit
  m_CancelButton: Cancel
  m_InputActionsPerSecond: 10
  m_RepeatDelay: 0.5
  m_ForceModuleActive: 0
--- !u!114 &236876463
MonoBehaviour:
  m_ObjectHideFlags: 0
  m_CorrespondingSourceObject: {fileID: 0}
  m_PrefabInstance: {fileID: 0}
  m_PrefabAsset: {fileID: 0}
  m_GameObject: {fileID: 236876461}
  m_Enabled: 1
  m_EditorHideFlags: 0
  m_Script: {fileID: 11500000, guid: 76c392e42b5098c458856cdf6ecaaaa1, type: 3}
  m_Name: 
  m_EditorClassIdentifier: 
  m_FirstSelected: {fileID: 0}
  m_sendNavigationEvents: 1
  m_DragThreshold: 10
--- !u!4 &236876464
Transform:
  m_ObjectHideFlags: 0
  m_CorrespondingSourceObject: {fileID: 0}
  m_PrefabInstance: {fileID: 0}
  m_PrefabAsset: {fileID: 0}
  m_GameObject: {fileID: 236876461}
  m_LocalRotation: {x: 0, y: 0, z: 0, w: 1}
  m_LocalPosition: {x: 0, y: 0, z: 0}
  m_LocalScale: {x: 1, y: 1, z: 1}
  m_ConstrainProportionsScale: 0
  m_Children: []
  m_Father: {fileID: 0}
  m_RootOrder: 9
  m_LocalEulerAnglesHint: {x: 0, y: 0, z: 0}
--- !u!1 &497894138
GameObject:
  m_ObjectHideFlags: 0
  m_CorrespondingSourceObject: {fileID: 0}
  m_PrefabInstance: {fileID: 0}
  m_PrefabAsset: {fileID: 0}
  serializedVersion: 6
  m_Component:
  - component: {fileID: 497894141}
  - component: {fileID: 497894140}
  - component: {fileID: 497894139}
  m_Layer: 0
  m_Name: Rim
  m_TagString: Untagged
  m_Icon: {fileID: 0}
  m_NavMeshLayer: 0
  m_StaticEditorFlags: 0
  m_IsActive: 1
--- !u!114 &497894139
MonoBehaviour:
  m_ObjectHideFlags: 0
  m_CorrespondingSourceObject: {fileID: 0}
  m_PrefabInstance: {fileID: 0}
  m_PrefabAsset: {fileID: 0}
  m_GameObject: {fileID: 497894138}
  m_Enabled: 1
  m_EditorHideFlags: 0
  m_Script: {fileID: 11500000, guid: 474bcb49853aa07438625e644c072ee6, type: 3}
  m_Name: 
  m_EditorClassIdentifier: 
  m_Version: 1
  m_UsePipelineSettings: 1
  m_AdditionalLightsShadowResolutionTier: 2
  m_LightLayerMask: 1
  m_CustomShadowLayers: 0
  m_ShadowLayerMask: 1
  m_LightCookieSize: {x: 1, y: 1}
  m_LightCookieOffset: {x: 0, y: 0}
--- !u!108 &497894140
Light:
  m_ObjectHideFlags: 0
  m_CorrespondingSourceObject: {fileID: 0}
  m_PrefabInstance: {fileID: 0}
  m_PrefabAsset: {fileID: 0}
  m_GameObject: {fileID: 497894138}
  m_Enabled: 1
  serializedVersion: 10
  m_Type: 0
  m_Shape: 0
  m_Color: {r: 1, g: 0.8515253, b: 0, a: 1}
  m_Intensity: 1.5
  m_Range: 10
  m_SpotAngle: 46.44718
  m_InnerSpotAngle: 38.249245
  m_CookieSize: 10
  m_Shadows:
    m_Type: 2
    m_Resolution: -1
    m_CustomResolution: -1
    m_Strength: 1
    m_Bias: 0.05
    m_NormalBias: 0.4
    m_NearPlane: 0.2
    m_CullingMatrixOverride:
      e00: 1
      e01: 0
      e02: 0
      e03: 0
      e10: 0
      e11: 1
      e12: 0
      e13: 0
      e20: 0
      e21: 0
      e22: 1
      e23: 0
      e30: 0
      e31: 0
      e32: 0
      e33: 1
    m_UseCullingMatrixOverride: 0
  m_Cookie: {fileID: 0}
  m_DrawHalo: 0
  m_Flare: {fileID: 0}
  m_RenderMode: 0
  m_CullingMask:
    serializedVersion: 2
    m_Bits: 4294967295
  m_RenderingLayerMask: 1
  m_Lightmapping: 1
  m_LightShadowCasterMode: 0
  m_AreaSize: {x: 1, y: 1}
  m_BounceIntensity: 1
  m_ColorTemperature: 6570
  m_UseColorTemperature: 0
  m_BoundingSphereOverride: {x: 0, y: 0, z: 0, w: 0}
  m_UseBoundingSphereOverride: 0
  m_UseViewFrustumForShadowCasterCull: 1
  m_ShadowRadius: 0
  m_ShadowAngle: 0
--- !u!4 &497894141
Transform:
  m_ObjectHideFlags: 0
  m_CorrespondingSourceObject: {fileID: 0}
  m_PrefabInstance: {fileID: 0}
  m_PrefabAsset: {fileID: 0}
  m_GameObject: {fileID: 497894138}
  m_LocalRotation: {x: 0.52611864, y: -0, z: -0, w: 0.85041124}
  m_LocalPosition: {x: -0.066, y: 2.673, z: -1.41}
  m_LocalScale: {x: 1, y: 1, z: 1}
  m_ConstrainProportionsScale: 0
  m_Children: []
  m_Father: {fileID: 741203185}
  m_RootOrder: -1
  m_LocalEulerAnglesHint: {x: 63.487, y: 0, z: 0}
--- !u!1001 &735558165
PrefabInstance:
  m_ObjectHideFlags: 0
  serializedVersion: 2
  m_Modification:
    serializedVersion: 2
    m_TransformParent: {fileID: 1782880852}
    m_Modifications:
    - target: {fileID: -8679921383154817045, guid: a33da791053dac74ebe1882642445a17,
        type: 3}
      propertyPath: m_RootOrder
      value: -1
      objectReference: {fileID: 0}
    - target: {fileID: -8679921383154817045, guid: a33da791053dac74ebe1882642445a17,
        type: 3}
      propertyPath: m_LocalScale.x
      value: 0.051883243
      objectReference: {fileID: 0}
    - target: {fileID: -8679921383154817045, guid: a33da791053dac74ebe1882642445a17,
        type: 3}
      propertyPath: m_LocalScale.y
      value: 0.051883243
      objectReference: {fileID: 0}
    - target: {fileID: -8679921383154817045, guid: a33da791053dac74ebe1882642445a17,
        type: 3}
      propertyPath: m_LocalScale.z
      value: 0.051883243
      objectReference: {fileID: 0}
    - target: {fileID: -8679921383154817045, guid: a33da791053dac74ebe1882642445a17,
        type: 3}
      propertyPath: m_LocalPosition.x
      value: 0
      objectReference: {fileID: 0}
    - target: {fileID: -8679921383154817045, guid: a33da791053dac74ebe1882642445a17,
        type: 3}
      propertyPath: m_LocalPosition.y
      value: 0
      objectReference: {fileID: 0}
    - target: {fileID: -8679921383154817045, guid: a33da791053dac74ebe1882642445a17,
        type: 3}
      propertyPath: m_LocalPosition.z
      value: 0
      objectReference: {fileID: 0}
    - target: {fileID: -8679921383154817045, guid: a33da791053dac74ebe1882642445a17,
        type: 3}
      propertyPath: m_LocalRotation.w
      value: 1
      objectReference: {fileID: 0}
    - target: {fileID: -8679921383154817045, guid: a33da791053dac74ebe1882642445a17,
        type: 3}
      propertyPath: m_LocalRotation.x
      value: -0
      objectReference: {fileID: 0}
    - target: {fileID: -8679921383154817045, guid: a33da791053dac74ebe1882642445a17,
        type: 3}
      propertyPath: m_LocalRotation.y
      value: -0
      objectReference: {fileID: 0}
    - target: {fileID: -8679921383154817045, guid: a33da791053dac74ebe1882642445a17,
        type: 3}
      propertyPath: m_LocalRotation.z
      value: -0
      objectReference: {fileID: 0}
    - target: {fileID: -8679921383154817045, guid: a33da791053dac74ebe1882642445a17,
        type: 3}
      propertyPath: m_LocalEulerAnglesHint.x
      value: 0
      objectReference: {fileID: 0}
    - target: {fileID: -8679921383154817045, guid: a33da791053dac74ebe1882642445a17,
        type: 3}
      propertyPath: m_LocalEulerAnglesHint.y
      value: 0
      objectReference: {fileID: 0}
    - target: {fileID: -8679921383154817045, guid: a33da791053dac74ebe1882642445a17,
        type: 3}
      propertyPath: m_LocalEulerAnglesHint.z
      value: 0
      objectReference: {fileID: 0}
    - target: {fileID: -7511558181221131132, guid: a33da791053dac74ebe1882642445a17,
        type: 3}
      propertyPath: m_Materials.Array.data[0]
      value: 
      objectReference: {fileID: 2100000, guid: 42923b80e08556a43ba3b77d51d872cd, type: 2}
    - target: {fileID: -7511558181221131132, guid: a33da791053dac74ebe1882642445a17,
        type: 3}
      propertyPath: m_Materials.Array.data[1]
      value: 
      objectReference: {fileID: 2100000, guid: c27654a37dcbb3d45afbeb0b6c2d4569, type: 2}
    - target: {fileID: 919132149155446097, guid: a33da791053dac74ebe1882642445a17,
        type: 3}
      propertyPath: m_Name
      value: TheBox
      objectReference: {fileID: 0}
    - target: {fileID: 919132149155446097, guid: a33da791053dac74ebe1882642445a17,
        type: 3}
      propertyPath: m_StaticEditorFlags
      value: 65
      objectReference: {fileID: 0}
    m_RemovedComponents: []
    m_AddedGameObjects: []
  m_SourcePrefab: {fileID: 100100000, guid: a33da791053dac74ebe1882642445a17, type: 3}
--- !u!1 &741203184
GameObject:
  m_ObjectHideFlags: 0
  m_CorrespondingSourceObject: {fileID: 0}
  m_PrefabInstance: {fileID: 0}
  m_PrefabAsset: {fileID: 0}
  serializedVersion: 6
  m_Component:
  - component: {fileID: 741203185}
  m_Layer: 0
  m_Name: ---- LIGHT
  m_TagString: Untagged
  m_Icon: {fileID: 0}
  m_NavMeshLayer: 0
  m_StaticEditorFlags: 0
  m_IsActive: 1
--- !u!4 &741203185
Transform:
  m_ObjectHideFlags: 0
  m_CorrespondingSourceObject: {fileID: 0}
  m_PrefabInstance: {fileID: 0}
  m_PrefabAsset: {fileID: 0}
  m_GameObject: {fileID: 741203184}
  m_LocalRotation: {x: 0, y: 0, z: 0, w: 1}
  m_LocalPosition: {x: 0, y: 0, z: 0}
  m_LocalScale: {x: 1, y: 1, z: 1}
  m_ConstrainProportionsScale: 0
  m_Children:
  - {fileID: 1750387170}
  - {fileID: 1908881078}
  - {fileID: 1874589942}
  - {fileID: 497894141}
  - {fileID: 2121009289}
  m_Father: {fileID: 0}
  m_RootOrder: 6
  m_LocalEulerAnglesHint: {x: 0, y: 0, z: 0}
--- !u!1 &951974120
GameObject:
  m_ObjectHideFlags: 0
  m_CorrespondingSourceObject: {fileID: 0}
  m_PrefabInstance: {fileID: 0}
  m_PrefabAsset: {fileID: 0}
  serializedVersion: 6
  m_Component:
  - component: {fileID: 951974122}
  - component: {fileID: 951974121}
  m_Layer: 0
  m_Name: CM vcam
  m_TagString: Untagged
  m_Icon: {fileID: 0}
  m_NavMeshLayer: 0
  m_StaticEditorFlags: 0
  m_IsActive: 1
--- !u!114 &951974121
MonoBehaviour:
  m_ObjectHideFlags: 0
  m_CorrespondingSourceObject: {fileID: 0}
  m_PrefabInstance: {fileID: 0}
  m_PrefabAsset: {fileID: 0}
  m_GameObject: {fileID: 951974120}
  m_Enabled: 1
  m_EditorHideFlags: 0
  m_Script: {fileID: 11500000, guid: 45e653bab7fb20e499bda25e1b646fea, type: 3}
  m_Name: 
  m_EditorClassIdentifier: 
  m_ExcludedPropertiesInInspector:
  - m_Script
  m_LockStageInInspector: 
  m_StreamingVersion: 20170927
  m_Priority: 10
  m_StandbyUpdate: 2
  m_LookAt: {fileID: 2130080983}
  m_Follow: {fileID: 0}
  m_Lens:
    FieldOfView: 42.94
    OrthographicSize: 0.77
    NearClipPlane: 0.3
    FarClipPlane: 1000
    Dutch: 0
    ModeOverride: 0
    LensShift: {x: 0, y: 0}
    GateFit: 2
    m_SensorSize: {x: 1.7765363, y: 1}
  m_Transitions:
    m_BlendHint: 0
    m_InheritPosition: 0
    m_OnCameraLive:
      m_PersistentCalls:
        m_Calls: []
  m_LegacyBlendHint: 0
  m_ComponentOwner: {fileID: 197943691}
--- !u!4 &951974122
Transform:
  m_ObjectHideFlags: 0
  m_CorrespondingSourceObject: {fileID: 0}
  m_PrefabInstance: {fileID: 0}
  m_PrefabAsset: {fileID: 0}
  m_GameObject: {fileID: 951974120}
  m_LocalRotation: {x: 0.0042325216, y: 0.99100846, z: 0.032322865, w: -0.12976773}
  m_LocalPosition: {x: 0.552, y: 0.665, z: 2.0716121}
  m_LocalScale: {x: 1, y: 1, z: 1}
  m_ConstrainProportionsScale: 0
  m_Children:
  - {fileID: 197943691}
  m_Father: {fileID: 0}
  m_RootOrder: 1
  m_LocalEulerAnglesHint: {x: 0, y: -175.261, z: 0}
--- !u!1 &961739749
GameObject:
  m_ObjectHideFlags: 0
  m_CorrespondingSourceObject: {fileID: 0}
  m_PrefabInstance: {fileID: 0}
  m_PrefabAsset: {fileID: 0}
  serializedVersion: 6
  m_Component:
  - component: {fileID: 961739753}
  - component: {fileID: 961739752}
  - component: {fileID: 961739751}
  - component: {fileID: 961739750}
  - component: {fileID: 961739754}
  m_Layer: 0
  m_Name: Main Camera
  m_TagString: Untagged
  m_Icon: {fileID: 0}
  m_NavMeshLayer: 0
  m_StaticEditorFlags: 0
  m_IsActive: 1
--- !u!114 &961739750
MonoBehaviour:
  m_ObjectHideFlags: 0
  m_CorrespondingSourceObject: {fileID: 0}
  m_PrefabInstance: {fileID: 0}
  m_PrefabAsset: {fileID: 0}
  m_GameObject: {fileID: 961739749}
  m_Enabled: 1
  m_EditorHideFlags: 0
  m_Script: {fileID: 11500000, guid: a79441f348de89743a2939f4d699eac1, type: 3}
  m_Name: 
  m_EditorClassIdentifier: 
  m_RenderShadows: 1
  m_RequiresDepthTextureOption: 2
  m_RequiresOpaqueTextureOption: 2
  m_CameraType: 0
  m_Cameras: []
  m_RendererIndex: -1
  m_VolumeLayerMask:
    serializedVersion: 2
    m_Bits: 1
  m_VolumeTrigger: {fileID: 0}
  m_VolumeFrameworkUpdateModeOption: 2
  m_RenderPostProcessing: 1
  m_Antialiasing: 1
  m_AntialiasingQuality: 2
  m_StopNaN: 0
  m_Dithering: 1
  m_ClearDepth: 1
  m_AllowXRRendering: 1
  m_RequiresDepthTexture: 0
  m_RequiresColorTexture: 0
  m_Version: 2
--- !u!81 &961739751
AudioListener:
  m_ObjectHideFlags: 0
  m_CorrespondingSourceObject: {fileID: 0}
  m_PrefabInstance: {fileID: 0}
  m_PrefabAsset: {fileID: 0}
  m_GameObject: {fileID: 961739749}
  m_Enabled: 1
--- !u!20 &961739752
Camera:
  m_ObjectHideFlags: 0
  m_CorrespondingSourceObject: {fileID: 0}
  m_PrefabInstance: {fileID: 0}
  m_PrefabAsset: {fileID: 0}
  m_GameObject: {fileID: 961739749}
  m_Enabled: 1
  serializedVersion: 2
  m_ClearFlags: 1
  m_BackGroundColor: {r: 0.19215687, g: 0.3019608, b: 0.4745098, a: 0}
  m_projectionMatrixMode: 1
  m_GateFitMode: 2
  m_FOVAxisMode: 0
  m_SensorSize: {x: 36, y: 24}
  m_LensShift: {x: 0, y: 0}
  m_FocalLength: 50
  m_NormalizedViewPortRect:
    serializedVersion: 2
    x: 0
    y: 0
    width: 1
    height: 1
  near clip plane: 0.3
  far clip plane: 1000
  field of view: 42.94
  orthographic: 0
  orthographic size: 0.77
  m_Depth: -1
  m_CullingMask:
    serializedVersion: 2
    m_Bits: 4294967295
  m_RenderingPath: -1
  m_TargetTexture: {fileID: 0}
  m_TargetDisplay: 0
  m_TargetEye: 3
  m_HDR: 1
  m_AllowMSAA: 1
  m_AllowDynamicResolution: 0
  m_ForceIntoRT: 0
  m_OcclusionCulling: 1
  m_StereoConvergence: 10
  m_StereoSeparation: 0.022
--- !u!4 &961739753
Transform:
  m_ObjectHideFlags: 0
  m_CorrespondingSourceObject: {fileID: 0}
  m_PrefabInstance: {fileID: 0}
  m_PrefabAsset: {fileID: 0}
  m_GameObject: {fileID: 961739749}
  m_LocalRotation: {x: 0.0042325216, y: 0.99100846, z: 0.032322865, w: -0.12976773}
  m_LocalPosition: {x: 0.552, y: 0.665, z: 2.0716121}
  m_LocalScale: {x: 1, y: 1, z: 1}
  m_ConstrainProportionsScale: 0
  m_Children: []
  m_Father: {fileID: 0}
  m_RootOrder: 0
  m_LocalEulerAnglesHint: {x: 0, y: 184.739, z: 0}
--- !u!114 &961739754
MonoBehaviour:
  m_ObjectHideFlags: 0
  m_CorrespondingSourceObject: {fileID: 0}
  m_PrefabInstance: {fileID: 0}
  m_PrefabAsset: {fileID: 0}
  m_GameObject: {fileID: 961739749}
  m_Enabled: 1
  m_EditorHideFlags: 0
  m_Script: {fileID: 11500000, guid: 72ece51f2901e7445ab60da3685d6b5f, type: 3}
  m_Name: 
  m_EditorClassIdentifier: 
  m_ShowDebugText: 0
  m_ShowCameraFrustum: 1
  m_IgnoreTimeScale: 0
  m_WorldUpOverride: {fileID: 0}
  m_UpdateMethod: 2
  m_BlendUpdateMethod: 1
  m_DefaultBlend:
    m_Style: 1
    m_Time: 2
    m_CustomCurve:
      serializedVersion: 2
      m_Curve: []
      m_PreInfinity: 2
      m_PostInfinity: 2
      m_RotationOrder: 4
  m_CustomBlends: {fileID: 0}
  m_CameraCutEvent:
    m_PersistentCalls:
      m_Calls: []
  m_CameraActivatedEvent:
    m_PersistentCalls:
      m_Calls: []
--- !u!1 &1160234425
GameObject:
  m_ObjectHideFlags: 0
  m_CorrespondingSourceObject: {fileID: 0}
  m_PrefabInstance: {fileID: 0}
  m_PrefabAsset: {fileID: 0}
  serializedVersion: 6
  m_Component:
  - component: {fileID: 1160234427}
  - component: {fileID: 1160234426}
  m_Layer: 0
  m_Name: Global Volume
  m_TagString: Untagged
  m_Icon: {fileID: 0}
  m_NavMeshLayer: 0
  m_StaticEditorFlags: 0
  m_IsActive: 1
--- !u!114 &1160234426
MonoBehaviour:
  m_ObjectHideFlags: 0
  m_CorrespondingSourceObject: {fileID: 0}
  m_PrefabInstance: {fileID: 0}
  m_PrefabAsset: {fileID: 0}
  m_GameObject: {fileID: 1160234425}
  m_Enabled: 1
  m_EditorHideFlags: 0
  m_Script: {fileID: 11500000, guid: 172515602e62fb746b5d573b38a5fe58, type: 3}
  m_Name: 
  m_EditorClassIdentifier: 
  m_IsGlobal: 1
  priority: 0
  blendDistance: 0
  weight: 1
  sharedProfile: {fileID: 11400000, guid: a5b699269a3b0d041a1c6bf24bb551f2, type: 2}
--- !u!4 &1160234427
Transform:
  m_ObjectHideFlags: 0
  m_CorrespondingSourceObject: {fileID: 0}
  m_PrefabInstance: {fileID: 0}
  m_PrefabAsset: {fileID: 0}
  m_GameObject: {fileID: 1160234425}
  m_LocalRotation: {x: 0, y: 0, z: 0, w: 1}
  m_LocalPosition: {x: 0, y: 0, z: 0}
  m_LocalScale: {x: 1, y: 1, z: 1}
  m_ConstrainProportionsScale: 0
  m_Children: []
  m_Father: {fileID: 0}
  m_RootOrder: 3
  m_LocalEulerAnglesHint: {x: 0, y: 0, z: 0}
--- !u!1 &1216592061
GameObject:
  m_ObjectHideFlags: 0
  m_CorrespondingSourceObject: {fileID: 0}
  m_PrefabInstance: {fileID: 0}
  m_PrefabAsset: {fileID: 0}
  serializedVersion: 6
  m_Component:
  - component: {fileID: 1216592062}
  m_Layer: 0
  m_Name: ---- SFX
  m_TagString: Untagged
  m_Icon: {fileID: 0}
  m_NavMeshLayer: 0
  m_StaticEditorFlags: 0
  m_IsActive: 1
--- !u!4 &1216592062
Transform:
  m_ObjectHideFlags: 0
  m_CorrespondingSourceObject: {fileID: 0}
  m_PrefabInstance: {fileID: 0}
  m_PrefabAsset: {fileID: 0}
  m_GameObject: {fileID: 1216592061}
  m_LocalRotation: {x: 0, y: 0, z: 0, w: 1}
  m_LocalPosition: {x: 0, y: 0, z: 0}
  m_LocalScale: {x: 1, y: 1, z: 1}
  m_ConstrainProportionsScale: 0
  m_Children:
  - {fileID: 1935385757}
  - {fileID: 7509052}
  m_Father: {fileID: 0}
  m_RootOrder: 4
  m_LocalEulerAnglesHint: {x: 0, y: 0, z: 0}
--- !u!4 &1690464810 stripped
Transform:
  m_CorrespondingSourceObject: {fileID: -8679921383154817045, guid: a33da791053dac74ebe1882642445a17,
    type: 3}
  m_PrefabInstance: {fileID: 735558165}
  m_PrefabAsset: {fileID: 0}
--- !u!1 &1750387167
GameObject:
  m_ObjectHideFlags: 0
  m_CorrespondingSourceObject: {fileID: 0}
  m_PrefabInstance: {fileID: 0}
  m_PrefabAsset: {fileID: 0}
  serializedVersion: 6
  m_Component:
  - component: {fileID: 1750387170}
  - component: {fileID: 1750387169}
  - component: {fileID: 1750387168}
  m_Layer: 0
  m_Name: Key
  m_TagString: Untagged
  m_Icon: {fileID: 0}
  m_NavMeshLayer: 0
  m_StaticEditorFlags: 0
  m_IsActive: 1
--- !u!114 &1750387168
MonoBehaviour:
  m_ObjectHideFlags: 0
  m_CorrespondingSourceObject: {fileID: 0}
  m_PrefabInstance: {fileID: 0}
  m_PrefabAsset: {fileID: 0}
  m_GameObject: {fileID: 1750387167}
  m_Enabled: 1
  m_EditorHideFlags: 0
  m_Script: {fileID: 11500000, guid: 474bcb49853aa07438625e644c072ee6, type: 3}
  m_Name: 
  m_EditorClassIdentifier: 
  m_Version: 1
  m_UsePipelineSettings: 1
  m_AdditionalLightsShadowResolutionTier: 2
  m_LightLayerMask: 1
  m_CustomShadowLayers: 0
  m_ShadowLayerMask: 1
  m_LightCookieSize: {x: 1, y: 1}
  m_LightCookieOffset: {x: 0, y: 0}
--- !u!108 &1750387169
Light:
  m_ObjectHideFlags: 0
  m_CorrespondingSourceObject: {fileID: 0}
  m_PrefabInstance: {fileID: 0}
  m_PrefabAsset: {fileID: 0}
  m_GameObject: {fileID: 1750387167}
  m_Enabled: 1
  serializedVersion: 10
  m_Type: 0
  m_Shape: 0
  m_Color: {r: 1, g: 0.8515253, b: 0, a: 1}
  m_Intensity: 1
  m_Range: 10
  m_SpotAngle: 46.44718
  m_InnerSpotAngle: 38.249245
  m_CookieSize: 10
  m_Shadows:
    m_Type: 1
    m_Resolution: -1
    m_CustomResolution: -1
    m_Strength: 1
    m_Bias: 0.05
    m_NormalBias: 0.4
    m_NearPlane: 0.2
    m_CullingMatrixOverride:
      e00: 1
      e01: 0
      e02: 0
      e03: 0
      e10: 0
      e11: 1
      e12: 0
      e13: 0
      e20: 0
      e21: 0
      e22: 1
      e23: 0
      e30: 0
      e31: 0
      e32: 0
      e33: 1
    m_UseCullingMatrixOverride: 0
  m_Cookie: {fileID: 0}
  m_DrawHalo: 0
  m_Flare: {fileID: 0}
  m_RenderMode: 0
  m_CullingMask:
    serializedVersion: 2
    m_Bits: 4294967295
  m_RenderingLayerMask: 1
  m_Lightmapping: 1
  m_LightShadowCasterMode: 0
  m_AreaSize: {x: 1, y: 1}
  m_BounceIntensity: 1
  m_ColorTemperature: 6570
  m_UseColorTemperature: 0
  m_BoundingSphereOverride: {x: 0, y: 0, z: 0, w: 0}
  m_UseBoundingSphereOverride: 0
  m_UseViewFrustumForShadowCasterCull: 1
  m_ShadowRadius: 0
  m_ShadowAngle: 0
--- !u!4 &1750387170
Transform:
  m_ObjectHideFlags: 0
  m_CorrespondingSourceObject: {fileID: 0}
  m_PrefabInstance: {fileID: 0}
  m_PrefabAsset: {fileID: 0}
  m_GameObject: {fileID: 1750387167}
  m_LocalRotation: {x: 0.9538259, y: -0.018700393, z: -0.053660743, w: -0.29493564}
  m_LocalPosition: {x: -0.066, y: 0.029999955, z: 1.602}
  m_LocalScale: {x: 1, y: 1, z: 1}
  m_ConstrainProportionsScale: 0
  m_Children: []
  m_Father: {fileID: 741203185}
  m_RootOrder: -1
  m_LocalEulerAnglesHint: {x: 214.377, y: 6.354004, z: 0.27900696}
--- !u!1 &1782880851
GameObject:
  m_ObjectHideFlags: 0
  m_CorrespondingSourceObject: {fileID: 0}
  m_PrefabInstance: {fileID: 0}
  m_PrefabAsset: {fileID: 0}
  serializedVersion: 6
  m_Component:
  - component: {fileID: 1782880852}
  m_Layer: 0
  m_Name: ---- ENVIRONMENTS
  m_TagString: Untagged
  m_Icon: {fileID: 0}
  m_NavMeshLayer: 0
  m_StaticEditorFlags: 65
  m_IsActive: 1
--- !u!4 &1782880852
Transform:
  m_ObjectHideFlags: 0
  m_CorrespondingSourceObject: {fileID: 0}
  m_PrefabInstance: {fileID: 0}
  m_PrefabAsset: {fileID: 0}
  m_GameObject: {fileID: 1782880851}
  m_LocalRotation: {x: 0, y: 0, z: 0, w: 1}
  m_LocalPosition: {x: 0, y: 0, z: 0}
  m_LocalScale: {x: 1, y: 1, z: 1}
  m_ConstrainProportionsScale: 0
  m_Children:
  - {fileID: 1690464810}
  - {fileID: 543450652202258054}
  m_Father: {fileID: 0}
  m_RootOrder: 5
  m_LocalEulerAnglesHint: {x: 0, y: 0, z: 0}
--- !u!1 &1874589939
GameObject:
  m_ObjectHideFlags: 0
  m_CorrespondingSourceObject: {fileID: 0}
  m_PrefabInstance: {fileID: 0}
  m_PrefabAsset: {fileID: 0}
  serializedVersion: 6
  m_Component:
  - component: {fileID: 1874589942}
  - component: {fileID: 1874589941}
  - component: {fileID: 1874589940}
  m_Layer: 0
  m_Name: Fill
  m_TagString: Untagged
  m_Icon: {fileID: 0}
  m_NavMeshLayer: 0
  m_StaticEditorFlags: 0
  m_IsActive: 1
--- !u!114 &1874589940
MonoBehaviour:
  m_ObjectHideFlags: 0
  m_CorrespondingSourceObject: {fileID: 0}
  m_PrefabInstance: {fileID: 0}
  m_PrefabAsset: {fileID: 0}
  m_GameObject: {fileID: 1874589939}
  m_Enabled: 1
  m_EditorHideFlags: 0
  m_Script: {fileID: 11500000, guid: 474bcb49853aa07438625e644c072ee6, type: 3}
  m_Name: 
  m_EditorClassIdentifier: 
  m_Version: 1
  m_UsePipelineSettings: 1
  m_AdditionalLightsShadowResolutionTier: 2
  m_LightLayerMask: 1
  m_CustomShadowLayers: 0
  m_ShadowLayerMask: 1
  m_LightCookieSize: {x: 1, y: 1}
  m_LightCookieOffset: {x: 0, y: 0}
--- !u!108 &1874589941
Light:
  m_ObjectHideFlags: 0
  m_CorrespondingSourceObject: {fileID: 0}
  m_PrefabInstance: {fileID: 0}
  m_PrefabAsset: {fileID: 0}
  m_GameObject: {fileID: 1874589939}
  m_Enabled: 1
  serializedVersion: 10
  m_Type: 0
  m_Shape: 0
  m_Color: {r: 1, g: 0.8515253, b: 0, a: 1}
  m_Intensity: 2
  m_Range: 10
  m_SpotAngle: 46.44718
  m_InnerSpotAngle: 38.249245
  m_CookieSize: 10
  m_Shadows:
    m_Type: 2
    m_Resolution: -1
    m_CustomResolution: -1
    m_Strength: 1
    m_Bias: 0.05
    m_NormalBias: 0.4
    m_NearPlane: 0.2
    m_CullingMatrixOverride:
      e00: 1
      e01: 0
      e02: 0
      e03: 0
      e10: 0
      e11: 1
      e12: 0
      e13: 0
      e20: 0
      e21: 0
      e22: 1
      e23: 0
      e30: 0
      e31: 0
      e32: 0
      e33: 1
    m_UseCullingMatrixOverride: 0
  m_Cookie: {fileID: 0}
  m_DrawHalo: 0
  m_Flare: {fileID: 0}
  m_RenderMode: 0
  m_CullingMask:
    serializedVersion: 2
    m_Bits: 4294967295
  m_RenderingLayerMask: 1
  m_Lightmapping: 1
  m_LightShadowCasterMode: 0
  m_AreaSize: {x: 1, y: 1}
  m_BounceIntensity: 1
  m_ColorTemperature: 6570
  m_UseColorTemperature: 0
  m_BoundingSphereOverride: {x: 0, y: 0, z: 0, w: 0}
  m_UseBoundingSphereOverride: 0
  m_UseViewFrustumForShadowCasterCull: 1
  m_ShadowRadius: 0
  m_ShadowAngle: 0
--- !u!4 &1874589942
Transform:
  m_ObjectHideFlags: 0
  m_CorrespondingSourceObject: {fileID: 0}
  m_PrefabInstance: {fileID: 0}
  m_PrefabAsset: {fileID: 0}
  m_GameObject: {fileID: 1874589939}
  m_LocalRotation: {x: 0.70108074, y: 0.092118405, z: 0.092118405, w: 0.70108074}
  m_LocalPosition: {x: -1.05, y: 2.673, z: -0.024}
  m_LocalScale: {x: 1, y: 1, z: 1}
  m_ConstrainProportionsScale: 0
  m_Children: []
  m_Father: {fileID: 741203185}
  m_RootOrder: -1
  m_LocalEulerAnglesHint: {x: 75.029, y: 90, z: 90}
--- !u!1 &1908881075
GameObject:
  m_ObjectHideFlags: 0
  m_CorrespondingSourceObject: {fileID: 0}
  m_PrefabInstance: {fileID: 0}
  m_PrefabAsset: {fileID: 0}
  serializedVersion: 6
  m_Component:
  - component: {fileID: 1908881078}
  - component: {fileID: 1908881077}
  - component: {fileID: 1908881076}
  m_Layer: 0
  m_Name: Fill
  m_TagString: Untagged
  m_Icon: {fileID: 0}
  m_NavMeshLayer: 0
  m_StaticEditorFlags: 0
  m_IsActive: 1
--- !u!114 &1908881076
MonoBehaviour:
  m_ObjectHideFlags: 0
  m_CorrespondingSourceObject: {fileID: 0}
  m_PrefabInstance: {fileID: 0}
  m_PrefabAsset: {fileID: 0}
  m_GameObject: {fileID: 1908881075}
  m_Enabled: 1
  m_EditorHideFlags: 0
  m_Script: {fileID: 11500000, guid: 474bcb49853aa07438625e644c072ee6, type: 3}
  m_Name: 
  m_EditorClassIdentifier: 
  m_Version: 1
  m_UsePipelineSettings: 1
  m_AdditionalLightsShadowResolutionTier: 2
  m_LightLayerMask: 1
  m_CustomShadowLayers: 0
  m_ShadowLayerMask: 1
  m_LightCookieSize: {x: 1, y: 1}
  m_LightCookieOffset: {x: 0, y: 0}
--- !u!108 &1908881077
Light:
  m_ObjectHideFlags: 0
  m_CorrespondingSourceObject: {fileID: 0}
  m_PrefabInstance: {fileID: 0}
  m_PrefabAsset: {fileID: 0}
  m_GameObject: {fileID: 1908881075}
  m_Enabled: 1
  serializedVersion: 10
  m_Type: 0
  m_Shape: 0
  m_Color: {r: 1, g: 0.8515253, b: 0, a: 1}
  m_Intensity: 2
  m_Range: 10
  m_SpotAngle: 46.44718
  m_InnerSpotAngle: 38.249245
  m_CookieSize: 10
  m_Shadows:
    m_Type: 2
    m_Resolution: -1
    m_CustomResolution: -1
    m_Strength: 1
    m_Bias: 0.05
    m_NormalBias: 0.4
    m_NearPlane: 0.2
    m_CullingMatrixOverride:
      e00: 1
      e01: 0
      e02: 0
      e03: 0
      e10: 0
      e11: 1
      e12: 0
      e13: 0
      e20: 0
      e21: 0
      e22: 1
      e23: 0
      e30: 0
      e31: 0
      e32: 0
      e33: 1
    m_UseCullingMatrixOverride: 0
  m_Cookie: {fileID: 0}
  m_DrawHalo: 0
  m_Flare: {fileID: 0}
  m_RenderMode: 0
  m_CullingMask:
    serializedVersion: 2
    m_Bits: 4294967295
  m_RenderingLayerMask: 1
  m_Lightmapping: 1
  m_LightShadowCasterMode: 0
  m_AreaSize: {x: 1, y: 1}
  m_BounceIntensity: 1
  m_ColorTemperature: 6570
  m_UseColorTemperature: 0
  m_BoundingSphereOverride: {x: 0, y: 0, z: 0, w: 0}
  m_UseBoundingSphereOverride: 0
  m_UseViewFrustumForShadowCasterCull: 1
  m_ShadowRadius: 0
  m_ShadowAngle: 0
--- !u!4 &1908881078
Transform:
  m_ObjectHideFlags: 0
  m_CorrespondingSourceObject: {fileID: 0}
  m_PrefabInstance: {fileID: 0}
  m_PrefabAsset: {fileID: 0}
  m_GameObject: {fileID: 1908881075}
  m_LocalRotation: {x: 0.7017749, y: -0.08667175, z: -0.08667175, w: 0.7017749}
  m_LocalPosition: {x: 0.827, y: 2.673, z: -0.024}
  m_LocalScale: {x: 1, y: 1, z: 1}
  m_ConstrainProportionsScale: 0
  m_Children: []
  m_Father: {fileID: 741203185}
  m_RootOrder: -1
  m_LocalEulerAnglesHint: {x: 75.919, y: -90, z: -90}
--- !u!1 &1935385756
GameObject:
  m_ObjectHideFlags: 0
  m_CorrespondingSourceObject: {fileID: 0}
  m_PrefabInstance: {fileID: 0}
  m_PrefabAsset: {fileID: 0}
  serializedVersion: 6
  m_Component:
  - component: {fileID: 1935385757}
  - component: {fileID: 1935385758}
  m_Layer: 0
  m_Name: Dance Music
  m_TagString: Untagged
  m_Icon: {fileID: 0}
  m_NavMeshLayer: 0
  m_StaticEditorFlags: 0
  m_IsActive: 1
--- !u!4 &1935385757
Transform:
  m_ObjectHideFlags: 0
  m_CorrespondingSourceObject: {fileID: 0}
  m_PrefabInstance: {fileID: 0}
  m_PrefabAsset: {fileID: 0}
  m_GameObject: {fileID: 1935385756}
  m_LocalRotation: {x: 0, y: 0, z: 0, w: 1}
  m_LocalPosition: {x: 0, y: 0, z: 0}
  m_LocalScale: {x: 1, y: 1, z: 1}
  m_ConstrainProportionsScale: 0
  m_Children: []
  m_Father: {fileID: 1216592062}
  m_RootOrder: -1
  m_LocalEulerAnglesHint: {x: 0, y: 0, z: 0}
--- !u!82 &1935385758
AudioSource:
  m_ObjectHideFlags: 0
  m_CorrespondingSourceObject: {fileID: 0}
  m_PrefabInstance: {fileID: 0}
  m_PrefabAsset: {fileID: 0}
  m_GameObject: {fileID: 1935385756}
  m_Enabled: 1
  serializedVersion: 4
  OutputAudioMixerGroup: {fileID: 0}
  m_audioClip: {fileID: 8300000, guid: 7391f49e151c0dd41bf807204cf9e942, type: 3}
  m_PlayOnAwake: 1
  m_Volume: 1
  m_Pitch: 1
  Loop: 0
  Mute: 0
  Spatialize: 0
  SpatializePostEffects: 0
  Priority: 128
  DopplerLevel: 1
  MinDistance: 1
  MaxDistance: 500
  Pan2D: 0
  rolloffMode: 0
  BypassEffects: 0
  BypassListenerEffects: 0
  BypassReverbZones: 0
  rolloffCustomCurve:
    serializedVersion: 2
    m_Curve:
    - serializedVersion: 3
      time: 0
      value: 1
      inSlope: 0
      outSlope: 0
      tangentMode: 0
      weightedMode: 0
      inWeight: 0.33333334
      outWeight: 0.33333334
    - serializedVersion: 3
      time: 1
      value: 0
      inSlope: 0
      outSlope: 0
      tangentMode: 0
      weightedMode: 0
      inWeight: 0.33333334
      outWeight: 0.33333334
    m_PreInfinity: 2
    m_PostInfinity: 2
    m_RotationOrder: 4
  panLevelCustomCurve:
    serializedVersion: 2
    m_Curve:
    - serializedVersion: 3
      time: 0
      value: 0
      inSlope: 0
      outSlope: 0
      tangentMode: 0
      weightedMode: 0
      inWeight: 0.33333334
      outWeight: 0.33333334
    m_PreInfinity: 2
    m_PostInfinity: 2
    m_RotationOrder: 4
  spreadCustomCurve:
    serializedVersion: 2
    m_Curve:
    - serializedVersion: 3
      time: 0
      value: 0
      inSlope: 0
      outSlope: 0
      tangentMode: 0
      weightedMode: 0
      inWeight: 0.33333334
      outWeight: 0.33333334
    m_PreInfinity: 2
    m_PostInfinity: 2
    m_RotationOrder: 4
  reverbZoneMixCustomCurve:
    serializedVersion: 2
    m_Curve:
    - serializedVersion: 3
      time: 0
      value: 1
      inSlope: 0
      outSlope: 0
      tangentMode: 0
      weightedMode: 0
      inWeight: 0.33333334
      outWeight: 0.33333334
    m_PreInfinity: 2
    m_PostInfinity: 2
    m_RotationOrder: 4
--- !u!1001 &2009512133
PrefabInstance:
  m_ObjectHideFlags: 0
  serializedVersion: 2
  m_Modification:
    serializedVersion: 2
    m_TransformParent: {fileID: 0}
    m_Modifications:
    - target: {fileID: 2192925935637115488, guid: a2703b02faa95ed43af514c459542d8f,
        type: 3}
      propertyPath: m_Name
      value: PlayerCharacter
      objectReference: {fileID: 0}
    - target: {fileID: 8033129455903164092, guid: a2703b02faa95ed43af514c459542d8f,
        type: 3}
      propertyPath: m_Controller
      value: 
      objectReference: {fileID: 9100000, guid: 1881ca07a3c19494dbed915355159ce0, type: 2}
    - target: {fileID: 8885998579529192687, guid: a2703b02faa95ed43af514c459542d8f,
        type: 3}
      propertyPath: m_RootOrder
      value: 7
      objectReference: {fileID: 0}
    - target: {fileID: 8885998579529192687, guid: a2703b02faa95ed43af514c459542d8f,
        type: 3}
      propertyPath: m_LocalPosition.x
      value: 0
      objectReference: {fileID: 0}
    - target: {fileID: 8885998579529192687, guid: a2703b02faa95ed43af514c459542d8f,
        type: 3}
      propertyPath: m_LocalPosition.y
      value: 0
      objectReference: {fileID: 0}
    - target: {fileID: 8885998579529192687, guid: a2703b02faa95ed43af514c459542d8f,
        type: 3}
      propertyPath: m_LocalPosition.z
      value: 0
      objectReference: {fileID: 0}
    - target: {fileID: 8885998579529192687, guid: a2703b02faa95ed43af514c459542d8f,
        type: 3}
      propertyPath: m_LocalRotation.w
      value: 1
      objectReference: {fileID: 0}
    - target: {fileID: 8885998579529192687, guid: a2703b02faa95ed43af514c459542d8f,
        type: 3}
      propertyPath: m_LocalRotation.x
      value: -0
      objectReference: {fileID: 0}
    - target: {fileID: 8885998579529192687, guid: a2703b02faa95ed43af514c459542d8f,
        type: 3}
      propertyPath: m_LocalRotation.y
      value: -0
      objectReference: {fileID: 0}
    - target: {fileID: 8885998579529192687, guid: a2703b02faa95ed43af514c459542d8f,
        type: 3}
      propertyPath: m_LocalRotation.z
      value: -0
      objectReference: {fileID: 0}
    - target: {fileID: 8885998579529192687, guid: a2703b02faa95ed43af514c459542d8f,
        type: 3}
      propertyPath: m_LocalEulerAnglesHint.x
      value: 0
      objectReference: {fileID: 0}
    - target: {fileID: 8885998579529192687, guid: a2703b02faa95ed43af514c459542d8f,
        type: 3}
      propertyPath: m_LocalEulerAnglesHint.y
      value: 0
      objectReference: {fileID: 0}
    - target: {fileID: 8885998579529192687, guid: a2703b02faa95ed43af514c459542d8f,
        type: 3}
      propertyPath: m_LocalEulerAnglesHint.z
      value: 0
      objectReference: {fileID: 0}
    m_RemovedComponents: []
    m_AddedGameObjects: []
  m_SourcePrefab: {fileID: 100100000, guid: a2703b02faa95ed43af514c459542d8f, type: 3}
--- !u!1 &2121009286
GameObject:
  m_ObjectHideFlags: 0
  m_CorrespondingSourceObject: {fileID: 0}
  m_PrefabInstance: {fileID: 0}
  m_PrefabAsset: {fileID: 0}
  serializedVersion: 6
  m_Component:
  - component: {fileID: 2121009289}
  - component: {fileID: 2121009288}
  - component: {fileID: 2121009287}
  m_Layer: 0
  m_Name: Spot Light
  m_TagString: Untagged
  m_Icon: {fileID: 0}
  m_NavMeshLayer: 0
  m_StaticEditorFlags: 0
  m_IsActive: 0
--- !u!114 &2121009287
MonoBehaviour:
  m_ObjectHideFlags: 0
  m_CorrespondingSourceObject: {fileID: 0}
  m_PrefabInstance: {fileID: 0}
  m_PrefabAsset: {fileID: 0}
  m_GameObject: {fileID: 2121009286}
  m_Enabled: 1
  m_EditorHideFlags: 0
  m_Script: {fileID: 11500000, guid: 474bcb49853aa07438625e644c072ee6, type: 3}
  m_Name: 
  m_EditorClassIdentifier: 
  m_Version: 1
  m_UsePipelineSettings: 1
  m_AdditionalLightsShadowResolutionTier: 2
  m_LightLayerMask: 1
  m_CustomShadowLayers: 0
  m_ShadowLayerMask: 1
  m_LightCookieSize: {x: 1, y: 1}
  m_LightCookieOffset: {x: 0, y: 0}
--- !u!108 &2121009288
Light:
  m_ObjectHideFlags: 0
  m_CorrespondingSourceObject: {fileID: 0}
  m_PrefabInstance: {fileID: 0}
  m_PrefabAsset: {fileID: 0}
  m_GameObject: {fileID: 2121009286}
  m_Enabled: 1
  serializedVersion: 10
  m_Type: 0
  m_Shape: 0
  m_Color: {r: 1, g: 1, b: 1, a: 1}
  m_Intensity: 1
  m_Range: 10
  m_SpotAngle: 46.44718
  m_InnerSpotAngle: 38.249245
  m_CookieSize: 10
  m_Shadows:
    m_Type: 2
    m_Resolution: -1
    m_CustomResolution: -1
    m_Strength: 1
    m_Bias: 0.05
    m_NormalBias: 0.4
    m_NearPlane: 0.2
    m_CullingMatrixOverride:
      e00: 1
      e01: 0
      e02: 0
      e03: 0
      e10: 0
      e11: 1
      e12: 0
      e13: 0
      e20: 0
      e21: 0
      e22: 1
      e23: 0
      e30: 0
      e31: 0
      e32: 0
      e33: 1
    m_UseCullingMatrixOverride: 0
  m_Cookie: {fileID: 0}
  m_DrawHalo: 0
  m_Flare: {fileID: 0}
  m_RenderMode: 0
  m_CullingMask:
    serializedVersion: 2
    m_Bits: 4294967295
  m_RenderingLayerMask: 1
  m_Lightmapping: 1
  m_LightShadowCasterMode: 0
  m_AreaSize: {x: 1, y: 1}
  m_BounceIntensity: 1
  m_ColorTemperature: 6570
  m_UseColorTemperature: 0
  m_BoundingSphereOverride: {x: 0, y: 0, z: 0, w: 0}
  m_UseBoundingSphereOverride: 0
  m_UseViewFrustumForShadowCasterCull: 1
  m_ShadowRadius: 0
  m_ShadowAngle: 0
--- !u!4 &2121009289
Transform:
  m_ObjectHideFlags: 0
  m_CorrespondingSourceObject: {fileID: 0}
  m_PrefabInstance: {fileID: 0}
  m_PrefabAsset: {fileID: 0}
  m_GameObject: {fileID: 2121009286}
  m_LocalRotation: {x: 0.7071068, y: -0, z: -0, w: 0.7071068}
  m_LocalPosition: {x: -0.066, y: 2.673, z: -0.024}
  m_LocalScale: {x: 1, y: 1, z: 1}
  m_ConstrainProportionsScale: 0
  m_Children: []
  m_Father: {fileID: 741203185}
  m_RootOrder: -1
  m_LocalEulerAnglesHint: {x: 90, y: 0, z: 0}
--- !u!1 &2130080982
GameObject:
  m_ObjectHideFlags: 0
  m_CorrespondingSourceObject: {fileID: 0}
  m_PrefabInstance: {fileID: 0}
  m_PrefabAsset: {fileID: 0}
  serializedVersion: 6
  m_Component:
  - component: {fileID: 2130080983}
  m_Layer: 0
  m_Name: CameraLookPoint
  m_TagString: Untagged
  m_Icon: {fileID: 0}
  m_NavMeshLayer: 0
  m_StaticEditorFlags: 0
  m_IsActive: 1
--- !u!4 &2130080983
Transform:
  m_ObjectHideFlags: 0
  m_CorrespondingSourceObject: {fileID: 0}
  m_PrefabInstance: {fileID: 0}
  m_PrefabAsset: {fileID: 0}
  m_GameObject: {fileID: 2130080982}
  m_LocalRotation: {x: 0, y: 0, z: 0, w: 1}
  m_LocalPosition: {x: 0, y: 0.805, z: 0}
  m_LocalScale: {x: 1, y: 1, z: 1}
  m_ConstrainProportionsScale: 0
  m_Children: []
  m_Father: {fileID: 0}
  m_RootOrder: 2
  m_LocalEulerAnglesHint: {x: 0, y: 0, z: 0}
--- !u!4 &543450652202258054 stripped
Transform:
  m_CorrespondingSourceObject: {fileID: 1183208281121977050, guid: 0695a2e45c3107c45b823f1a4b1365cb,
    type: 3}
  m_PrefabInstance: {fileID: 1720692629935176796}
  m_PrefabAsset: {fileID: 0}
--- !u!1001 &1720692629935176796
PrefabInstance:
  m_ObjectHideFlags: 0
  serializedVersion: 2
  m_Modification:
    serializedVersion: 2
    m_TransformParent: {fileID: 1782880852}
    m_Modifications:
    - target: {fileID: 1183208281121977050, guid: 0695a2e45c3107c45b823f1a4b1365cb,
        type: 3}
      propertyPath: m_RootOrder
      value: -1
      objectReference: {fileID: 0}
    - target: {fileID: 1183208281121977050, guid: 0695a2e45c3107c45b823f1a4b1365cb,
        type: 3}
      propertyPath: m_LocalPosition.x
      value: 0.08862058
      objectReference: {fileID: 0}
    - target: {fileID: 1183208281121977050, guid: 0695a2e45c3107c45b823f1a4b1365cb,
        type: 3}
      propertyPath: m_LocalPosition.y
      value: 1.548
      objectReference: {fileID: 0}
    - target: {fileID: 1183208281121977050, guid: 0695a2e45c3107c45b823f1a4b1365cb,
        type: 3}
      propertyPath: m_LocalPosition.z
      value: -2.021
      objectReference: {fileID: 0}
    - target: {fileID: 1183208281121977050, guid: 0695a2e45c3107c45b823f1a4b1365cb,
        type: 3}
      propertyPath: m_LocalRotation.w
      value: 1
      objectReference: {fileID: 0}
    - target: {fileID: 1183208281121977050, guid: 0695a2e45c3107c45b823f1a4b1365cb,
        type: 3}
      propertyPath: m_LocalRotation.x
      value: 0.000000021855694
      objectReference: {fileID: 0}
    - target: {fileID: 1183208281121977050, guid: 0695a2e45c3107c45b823f1a4b1365cb,
        type: 3}
      propertyPath: m_LocalRotation.y
      value: -0
      objectReference: {fileID: 0}
    - target: {fileID: 1183208281121977050, guid: 0695a2e45c3107c45b823f1a4b1365cb,
        type: 3}
      propertyPath: m_LocalRotation.z
      value: -0
      objectReference: {fileID: 0}
    - target: {fileID: 1183208281121977050, guid: 0695a2e45c3107c45b823f1a4b1365cb,
        type: 3}
      propertyPath: m_LocalEulerAnglesHint.x
      value: 0
      objectReference: {fileID: 0}
    - target: {fileID: 1183208281121977050, guid: 0695a2e45c3107c45b823f1a4b1365cb,
        type: 3}
      propertyPath: m_LocalEulerAnglesHint.y
      value: 0
      objectReference: {fileID: 0}
    - target: {fileID: 1183208281121977050, guid: 0695a2e45c3107c45b823f1a4b1365cb,
        type: 3}
      propertyPath: m_LocalEulerAnglesHint.z
      value: 0
      objectReference: {fileID: 0}
    - target: {fileID: 1954642524926847072, guid: 0695a2e45c3107c45b823f1a4b1365cb,
        type: 3}
      propertyPath: m_Name
      value: Bitcoin
      objectReference: {fileID: 0}
    m_RemovedComponents: []
    m_AddedGameObjects: []
  m_SourcePrefab: {fileID: 100100000, guid: 0695a2e45c3107c45b823f1a4b1365cb, type: 3}
--- !u!1001 &4717831103473580950
PrefabInstance:
  m_ObjectHideFlags: 0
  serializedVersion: 2
  m_Modification:
    serializedVersion: 2
    m_TransformParent: {fileID: 0}
    m_Modifications:
    - target: {fileID: 4717831101511904808, guid: 9ad33a0004b3afe458839c818b4d9cef,
        type: 3}
      propertyPath: CollisionModule.type
      value: 0
      objectReference: {fileID: 0}
    - target: {fileID: 4717831101511904808, guid: 9ad33a0004b3afe458839c818b4d9cef,
        type: 3}
      propertyPath: CollisionModule.m_Planes.Array.data[0]
      value: 
      objectReference: {fileID: 1690464810}
    - target: {fileID: 4717831101511904809, guid: 9ad33a0004b3afe458839c818b4d9cef,
        type: 3}
      propertyPath: m_RootOrder
      value: 8
      objectReference: {fileID: 0}
    - target: {fileID: 4717831101511904809, guid: 9ad33a0004b3afe458839c818b4d9cef,
        type: 3}
      propertyPath: m_LocalPosition.x
      value: 0
      objectReference: {fileID: 0}
    - target: {fileID: 4717831101511904809, guid: 9ad33a0004b3afe458839c818b4d9cef,
        type: 3}
      propertyPath: m_LocalPosition.y
      value: 2.776
      objectReference: {fileID: 0}
    - target: {fileID: 4717831101511904809, guid: 9ad33a0004b3afe458839c818b4d9cef,
        type: 3}
      propertyPath: m_LocalPosition.z
      value: 0
      objectReference: {fileID: 0}
    - target: {fileID: 4717831101511904809, guid: 9ad33a0004b3afe458839c818b4d9cef,
        type: 3}
      propertyPath: m_LocalRotation.w
      value: 0.70710784
      objectReference: {fileID: 0}
    - target: {fileID: 4717831101511904809, guid: 9ad33a0004b3afe458839c818b4d9cef,
        type: 3}
      propertyPath: m_LocalRotation.x
      value: 0.70710576
      objectReference: {fileID: 0}
    - target: {fileID: 4717831101511904809, guid: 9ad33a0004b3afe458839c818b4d9cef,
        type: 3}
      propertyPath: m_LocalRotation.y
      value: -0
      objectReference: {fileID: 0}
    - target: {fileID: 4717831101511904809, guid: 9ad33a0004b3afe458839c818b4d9cef,
        type: 3}
      propertyPath: m_LocalRotation.z
      value: -0
      objectReference: {fileID: 0}
    - target: {fileID: 4717831101511904809, guid: 9ad33a0004b3afe458839c818b4d9cef,
        type: 3}
      propertyPath: m_LocalEulerAnglesHint.x
      value: 90
      objectReference: {fileID: 0}
    - target: {fileID: 4717831101511904809, guid: 9ad33a0004b3afe458839c818b4d9cef,
        type: 3}
      propertyPath: m_LocalEulerAnglesHint.y
      value: 0
      objectReference: {fileID: 0}
    - target: {fileID: 4717831101511904809, guid: 9ad33a0004b3afe458839c818b4d9cef,
        type: 3}
      propertyPath: m_LocalEulerAnglesHint.z
      value: 0
      objectReference: {fileID: 0}
    - target: {fileID: 4717831101511904810, guid: 9ad33a0004b3afe458839c818b4d9cef,
        type: 3}
      propertyPath: m_Name
      value: Bitcoin Particle
      objectReference: {fileID: 0}
    m_RemovedComponents: []
    m_AddedGameObjects: []
  m_SourcePrefab: {fileID: 100100000, guid: 9ad33a0004b3afe458839c818b4d9cef, type: 3}
